@article{ Ro20,
         author = {Robin Kelby},
         title = {Something},
         journal = {Bob},
         year = 2020 }
